% Encoding: UTF-8

@article{Autor:2017ac,
	Author = {David Autor and David Dorn and Gordon Hanson},
	Date-Added = {2017-06-15 17:03:49 +0000},
	Date-Modified = {2017-06-15 23:13:37 +0000},
	Title = {{When Work Disappears: Manufacturing Decline and the Falling Marriage-Market Value of Young Men}},
	Journal = {NBER Working Paper No. 23173},
	Year = {2017}}

@article{Acemoglu:2017aa,
	Author = {Daron Acemoglu and Pascual Restrepo},
	Date-Added = {2017-06-15 17:03:49 +0000},
	Date-Modified = {2017-06-15 23:13:37 +0000},
	Title = {{Robots and Jobs: Evidence from US Labor Markets}},
	Journal = {NBER Working Paper No. 23285},
	Note = {URL = \url{https://www.nber.org/papers/w23285}},
	Year = {2017}}

@article{geography,
	Author = {David H. Autor and David Dorn and Gordon H. Hanson},
	Date-Added = {2017-06-15 17:03:49 +0000},
	Date-Modified = {2017-06-15 23:13:37 +0000},
	Title = {{The Geography of Trade and Technology in the United States}},
	Pages = {220-225},
	Number = {3},
	Journal = {American Economic Review},
	Volume = {103},
	Year = {2013}}

@article{alesina2008,
	Author = {Alberto Alesina and Richard Holden},
	Date-Added = {2017-06-15 17:03:49 +0000},
	Date-Modified = {2017-06-15 23:13:37 +0000},
	Journal = {NBER Working Paper No. 14143},
	Title = {Ambiguity and {Extremism} in {Elections}},
	Year = {2008}}

@article{notepresidential,
	Author = {David H. Autor and David Dorn and Gordon H. Hanson and Kaveh Majlesi},
	Date-Added = {2017-06-14 21:00:37 +0000},
	Date-Modified = {2017-06-15 23:09:10 +0000},
	Journal = {MIT Working Paper},
	Title = {A {Note} on the {Effect} of {Rising} {Trade} {Exposure} on the 2016 {Presidential} {Election}},
	Year = {2016}}

@article{polarization,
	Author = {David H. Autor and David Dorn and Gordon H. Hanson and Kaveh Majlesi},
	Date-Added = {2017-06-14 20:59:13 +0000},
	Date-Modified = {2017-06-15 23:08:56 +0000},
	Journal = {NBER Working Paper No. 22637},
	Title = {{Importing Political Polarization? The Electoral Consequences of Rising Trade Exposure}},
	Note = {URL = \url{https://www.nber.org/papers/w22637}},
	Year = {2019}}

@article{tradeadjustment,
	Author = {David H. Autor and David Dorn and Gordon H. Hanson and Jae Song},
	Date-Added = {2017-06-14 20:57:27 +0000},
	Date-Modified = {2017-06-14 20:59:10 +0000},
	Journal = {Quarterly Journal of Economics},
	Number = {4},
	Pages = {1799-1860},
	Title = {{Trade Adjustment: Worker-Level Evidence}},
	Volume = {129},
	Year = {2014}}

@article{acemoglu,
	Author = {Daron Acemoglu and David H. Autor and David Dorn and Gordon H. Hanson and Brendan Price},
	Date-Added = {2017-06-14 20:43:17 +0000},
	Date-Modified = {2017-06-14 20:46:26 +0000},
	Journal = {Journal of Labor Economics},
	Number = {S1},
	Pages = {S141-S198},
	Title = {{Import} {Competition} and the {Great} {US} {Employment} {Sag} of the 2000s},
	Volume = {34},
	Year = {2016}}

@article{chinasyndrome,
	Author = {David H. Autor and David Dorn and Gordon H. Hanson},
	Date-Added = {2017-06-14 15:03:18 +0000},
	Date-Modified = {2017-06-14 16:05:36 +0000},
	Journal = {American Economic Review},
	Number = {6},
	Pages = {2121-2168},
	Title = {The {China} {Syndrome}: {Local} {Labor} {Market} {Effects} of {Import} {Competition} in the {United} {States}},
	Volume = {103},
	Year = {2013}}

@Comment{jabref-meta: databaseType:bibtex;}
